@article{SYROCO18,
author = {Zamparelli, Alessio and Scianca, Nicola and Lanari, L. and Oriolo, Giuseppe},
year = {2018},
month = {01},
pages = {393-398},
title = {{Humanoid Gait Generation on Uneven Ground using Intrinsically Stable MPC}},
volume = {51},
journal = {IFAC-PapersOnLine},
doi = {10.1016/j.ifacol.2018.11.574}
}

@inproceedings{DBLP:conf/humanoids/SciancaCSLO16,
  author    = {Nicola Scianca and
               Marco Cognetti and
               Daniele De Simone and
               Leonardo Lanari and
               Giuseppe Oriolo},
  title     = {Intrinsically stable {MPC} for humanoid gait generation},
  booktitle = {16th {IEEE-RAS} International Conference on Humanoid Robots, Humanoids
               2016, Cancun, Mexico, November 15-17, 2016},
  pages     = {601--606},
  year      = {2016},
  url       = {https://doi.org/10.1109/HUMANOIDS.2016.7803336},
  doi       = {10.1109/HUMANOIDS.2016.7803336},
  timestamp = {Wed, 16 Oct 2019 14:14:50 +0200},
  biburl    = {https://dblp.org/rec/bib/conf/humanoids/SciancaCSLO16},
  bibsource = {dblp computer science bibliography, https://dblp.org}
}

